@book{Kunen,
    title = {Set Theory},
    author = {Kenneth Kunen},
    isbn = {9781848900509},
    year = {2013},
    publisher = {College Publications}
    }
@book{Jech,
	title = {Set Theory},
	author = {Thomas Jech},
	isbn = {978-3-540-44085-7},
	year = {2002},
	publisher = {Springer Berlin, Heidelberg}
	}


@book{Moscho,
	title = {Notes on Set Theory},
	author = {Yiannis Moschovakis},
	isbn = {978-0387-28722-5},
	year = {2006},
	publisher = {Springer}
}